<?xml version="1.0" encoding="UTF-8"?><collection xmlns="http://www.loc.gov/MARC21/slim"><record><leader>00508nam--2200181-i-4500</leader><controlfield tag="001">000015120</controlfield><controlfield tag="002">20161230</controlfield><controlfield tag="005">20161230201031</controlfield><controlfield tag="008">060222s1000------------r-----000-0-eng-d</controlfield><datafield ind1=" " ind2=" " tag="040"><subfield code="a">IFIN-HH</subfield></datafield><datafield ind1=" " ind2=" " tag="080"><subfield code="a">537.56:539.17</subfield></datafield><datafield ind1="1" ind2=" " tag="100"><subfield code="a">Rose, David J</subfield></datafield><datafield ind1="1" ind2="0" tag="245"><subfield code="a">Plasmas and controlled fusion</subfield><subfield code="c">David j. rose, melville clark</subfield></datafield><datafield ind1=" " ind2=" " tag="260"><subfield code="a">Cambridge, Massachusetts Institute Of Technology, 1961</subfield></datafield><datafield ind1=" " ind2=" " tag="490"><subfield code="a">Xiv + 493 P</subfield></datafield><datafield ind1="1" ind2=" " tag="700"><subfield code="a">Clark, Melville</subfield></datafield><datafield ind1=" " ind2=" " tag="852"><subfield code="a">16795</subfield><subfield code="c">533.9</subfield></datafield><datafield ind1=" " ind2=" " tag="CAT"><subfield code="a">Sys</subfield><subfield code="c">20100921</subfield><subfield code="h">152630</subfield></datafield></record></collection>